<mx:record xmlns="http://www.w3.org/TR/xhtml1/strict" xmlns:mx="http://www.loc.gov/MARC21/slim" xmlns:xsi="http://www.w3.org/2001/XMLSchema-instance"><mx:leader>00037cz  2200037n  45 0</mx:leader><mx:controlfield tag="001">oca00418811 </mx:controlfield><mx:controlfield tag="005">20080911053835.0</mx:controlfield><mx:controlfield tag="008">800331n| acannaabn          |b aaa      </mx:controlfield><mx:datafield ind1=" " ind2=" " tag="010"><mx:subfield code="a">n  80036673</mx:subfield></mx:datafield><mx:datafield ind1=" " ind2=" " tag="040"><mx:subfield code="a">DLC</mx:subfield><mx:subfield code="b">eng</mx:subfield><mx:subfield code="c">DLC</mx:subfield><mx:subfield code="d">DLC</mx:subfield><mx:subfield code="d">NjP</mx:subfield><mx:subfield code="d">DLC</mx:subfield><mx:subfield code="d">NNPM</mx:subfield><mx:subfield code="d">DLC</mx:subfield><mx:subfield code="d">ItFiC</mx:subfield><mx:subfield code="d">IEN</mx:subfield><mx:subfield code="d">OCoLC</mx:subfield><mx:subfield code="d">CSt</mx:subfield></mx:datafield><mx:datafield ind1="0" ind2=" " tag="100"><mx:subfield code="a">Xenophon</mx:subfield></mx:datafield><mx:datafield ind1="0" ind2=" " tag="400"><mx:subfield code="a">Jenofonte</mx:subfield></mx:datafield><mx:datafield ind1="0" ind2=" " tag="400"><mx:subfield code="a">Jenófanes</mx:subfield></mx:datafield><mx:datafield ind1="0" ind2=" " tag="400"><mx:subfield code="a">Ksenofont</mx:subfield></mx:datafield><mx:datafield ind1="0" ind2=" " tag="400"><mx:subfield code="a">Xenofón</mx:subfield></mx:datafield><mx:datafield ind1="0" ind2=" " tag="400"><mx:subfield code="a">Senofonte</mx:subfield></mx:datafield><mx:datafield ind1="0" ind2=" " tag="400"><mx:subfield code="a">Kısenofon</mx:subfield></mx:datafield><mx:datafield ind1="0" ind2=" " tag="400"><mx:subfield code="a">Pseudo-Senofonte</mx:subfield></mx:datafield><mx:datafield ind1="0" ind2=" " tag="400"><mx:subfield code="a">Kʻsenopʻonti</mx:subfield></mx:datafield><mx:datafield ind1="0" ind2=" " tag="400"><mx:subfield code="a">Pseudo-Xenophon</mx:subfield></mx:datafield><mx:datafield ind1="0" ind2=" " tag="400"><mx:subfield code="a">כסינופון</mx:subfield></mx:datafield><mx:datafield ind1="0" ind2=" " tag="400"><mx:subfield code="a">زينوفون</mx:subfield></mx:datafield><mx:datafield ind1="0" ind2=" " tag="400"><mx:subfield code="a">كزنوفون</mx:subfield></mx:datafield><mx:datafield ind1="0" ind2=" " tag="400"><mx:subfield code="a">گزنفون</mx:subfield></mx:datafield><mx:datafield ind1="0" ind2=" " tag="400"><mx:subfield code="a">Xenofont</mx:subfield></mx:datafield><mx:datafield ind1=" " ind2=" " tag="667"><mx:subfield code="a">Machine-derived non-Latin script reference project.</mx:subfield></mx:datafield><mx:datafield ind1=" " ind2=" " tag="667"><mx:subfield code="a">Non-Latin script references not evaluated.</mx:subfield></mx:datafield><mx:datafield ind1=" " ind2=" " tag="670"><mx:subfield code="a">His Anabasi, 1980:</mx:subfield><mx:subfield code="b">t.p. (Senofonte)</mx:subfield></mx:datafield><mx:datafield ind1=" " ind2=" " tag="670"><mx:subfield code="a">nuc90-17235: Los Presocráticos, c1980 (1982 printing)</mx:subfield><mx:subfield code="b">(usage on AzU rept.: Jenófanes)</mx:subfield></mx:datafield><mx:datafield ind1=" " ind2=" " tag="670"><mx:subfield code="a">Commento all&amp;#039;Athēnaiōn politeia dello Pseudo-Senofonte, c1997.</mx:subfield></mx:datafield><mx:datafield ind1=" " ind2=" " tag="670"><mx:subfield code="a">His Husrevname, 1884 or 1885:</mx:subfield><mx:subfield code="b">t.p. (Kısenofon&amp;#039;un)</mx:subfield></mx:datafield><mx:datafield ind1=" " ind2=" " tag="670"><mx:subfield code="a">Mogonebebi Sokrateze ; Sokrates apologia, 1973:</mx:subfield><mx:subfield code="b">t.p. (Kʻsenopʻonti)</mx:subfield></mx:datafield><mx:datafield ind1=" " ind2=" " tag="670"><mx:subfield code="a">LCCN 73164494: His Xenophon in seven volumes, 1968- :</mx:subfield><mx:subfield code="b">7 (Pseudo-Xenophon)</mx:subfield></mx:datafield><mx:datafield ind1=" " ind2=" " tag="670"><mx:subfield code="a">Casalini database, June 28, 2007:</mx:subfield><mx:subfield code="b">(hdg.: Xenophon, ca. 430-355 B.C.)</mx:subfield></mx:datafield><mx:datafield ind1=" " ind2=" " tag="670"><mx:subfield code="a">Obres socràtiques menors, 1931:</mx:subfield><mx:subfield code="b">t.p. (Xenofont)</mx:subfield></mx:datafield><mx:datafield ind1=" " ind2=" " tag="999"><mx:subfield code="a">3732341</mx:subfield></mx:datafield></mx:record>